=LDR  02004 am a2200517 i 4500
=001  016413627
=003  Uk
=005  20130624155607.0
=006  m\\\\||\\d\|\\\\\\
=007  cr\|||||||||||
=008  130516s2013\\\\enka\\\\ob\\\\0|0\0|eng\\
=FMT  \\$a  BK
=015  \\$aGBB350709$2bnb
=040  \\$aUk$beng$cUk$erda
=042  \\$aukblsr
=082  04$a338.04$223
=100  1\$aWallace, James$c(Statistician),$eauthor.
=245  10$aSocial capital, social innovation and social impact /$cJames Wallace, Christiana Weber, Anja Tuschke.
=264  \1$aBradford, West Yorkshire :$bBradford University School of Management,$cMay 2013.
=300  \\$a1 online resource (17 pages) :$billustrations (black and white).
=336  \\$atext$2rdacontent
=337  \\$acomputer$2rdamedia
=338  \\$aonline resource$2rdacarrier
=490  1\$aWorking paper,$x2048-495X ;$v13/01
=504  \\$aIncludes bibliographical references.
=588  \\$aDescription based on online resource; title from PDF title page (viewed on May 23, 2013).
=650  \0$aSocial entrepreneurship.
=650  \0$aSocial capital (Sociology)
=650  \0$aDiffusion of innovations.
=650  \0$aQuantitative research.
=700  1\$aWeber, Christiana,$eauthor.
=700  1\$aTuschke, Anja,$eauthor.
=710  2\$aUniversity of Bradford.$bSchool of Management,$epublisher.
=830  \0$aWorking paper (University of Bradford. School of Management) ;$v13/01.
=859  \\$aELD$bebook
=852  41$aBritish Library$bHMNTS$jELD Digital store
=CAT  \\$a10983$b40$c20130516$lBLL01$h1126
=CAT  \\$a8141$b40$c20130523$lBLL01$h1137
=CAT  \\$a7332$b40$c20130524$lBLL01$h1032
=CAT  \\$a10743$b40$c20130624$lBLL01$h1556
=CAT  \\$aWR14.047$c20140417$lBLL01$h1646
=CAT  \\$aW1611-0868$c20161114$lBLL01$h1414
=CAT  \\$aW1711-1225$c20171203$lBLL01$h1053
=FIN  \\$aY$d20130523
=STA  \\$aSUPPRESSED$bunable to determine reason for suppression
=LAS  \\$aW1711-1225$b00$c20171203$lBLL01$h1053

