=LDR  02061 am a2200517 i 4500
=001  016413645
=003  Uk
=005  20130522154816.0
=006  m\\\\||\\d\|\\\\\\
=007  cr\|||||||||||
=008  130516s2013\\\\enka\\\\ob\\\\0|0\0|eng\\
=FMT  \\$a  BK
=015  \\$aGBB350493$2bnb
=040  \\$aUk$beng$cUk$erda
=042  \\$aukblsr
=082  04$a539.77$223
=100  1\$aFernández Castañón, Javier,$eauthor.
=245  10$aMonte-Carlo simulations for the development of TOSCA's guide at ISIS /$cJavier Fernández Castañón.
=264  \1$aDidcot :$bScience & Technology Facilities Council,$cApril 2013.
=300  \\$a1 online resource (52 pages) :$billustrations (colour).
=336  \\$atext$2rdacontent
=337  \\$acomputer$2rdamedia
=338  \\$aonline resource$2rdacarrier
=490  1\$aTechnical report,$x1358-6254 ;$vRAL-TR-2013-002
=504  \\$aIncludes bibliographical references.
=588  \\$aDescription based on online resource; title from PDF cover page (viewed on May 22, 2013).
=650  \0$aNeutrons$xInelastic scattering$xInstruments.
=650  \0$aSpectrometer.
=650  \0$aMonte Carlo method.
=710  2\$aScience and Technology Facilities Council (Great Britain),$epublisher.
=830  \0$aTechnical report (Science and Technology Facilities Council (Great Britain)) ;$vRAL-TR-2013-002.
=859  \\$aELD$bebook
=852  41$aBritish Library$bHMNTS$jELD Digital store
=CAT  \\$a10983$b40$c20130516$lBLL01$h1136
=CAT  \\$a10983$b40$c20130516$lBLL01$h1140
=CAT  \\$a8141$b40$c20130522$lBLL01$h1322
=CAT  \\$a8141$b40$c20130522$lBLL01$h1356
=CAT  \\$a8141$b40$c20130522$lBLL01$h1431
=CAT  \\$a7332$b40$c20130522$lBLL01$h1548
=CAT  \\$aBATCH-UPD$b40$c20130526$lBLL01$h0205
=CAT  \\$aWR14.047$c20140417$lBLL01$h1646
=CAT  \\$aW1611-0868$c20161114$lBLL01$h1414
=CAT  \\$aW1711-1225$c20171203$lBLL01$h1053
=FIN  \\$aY$d20130522
=STA  \\$aSUPPRESSED$bunable to determine reason for suppression
=LAS  \\$aW1711-1225$b00$c20171203$lBLL01$h1053

