=LDR  01825 am a2200457 i 4500
=001  016413652
=003  Uk
=005  20130522142712.0
=006  m\\\\||\\d\|\\\\\\
=007  cr\|||||||||||
=008  130516s2013\\\\enka\\\\ob\\\\0|0\0|eng\\
=FMT  \\$a  BK
=015  \\$aGBB350525$2bnb
=040  \\$aUk$beng$cUk$erda
=042  \\$aukblsr
=082  04$a512.9434$223
=100  1\$aHogg, Jonathan D.$q(Jonathan David),$d1983-$eauthor.
=245  10$aCompressed threshold pivoting for sparse symmetric indefinite systems /$cJD Hogg, JA Scott.
=264  \1$aDidcot :$bScience & Technology Facilities Council,$cMay 2013.
=300  \\$a1 online resource (26 pages) :$billustrations (black and white, and colour).
=336  \\$atext$2rdacontent
=337  \\$acomputer$2rdamedia
=338  \\$aonline resource$2rdacarrier
=490  1\$aPreprint,$x1361-4762 ;$vRAL-P-2013-007
=504  \\$aIncludes bibliographical references.
=588  \\$aDescription based on online resource; title from PDF cover page (viewed on May 22, 2013).
=650  \0$aSparse matrices.
=650  \0$aNumerical analysis.
=700  1\$aScott, Jennifer A.$q(Jennifer Ann),$d1960-$eauthor.
=710  2\$aScience and Technology Facilities Council (Great Britain),$epublisher.
=830  \0$aPreprint (Science and Technology Facilities Council (Great Britain)) ;$vRAL-P-2013-007.
=859  \\$aELD$bebook
=852  41$aBritish Library$bHMNTS$jELD Digital store
=CAT  \\$a10983$b40$c20130516$lBLL01$h1141
=CAT  \\$a8141$b40$c20130522$lBLL01$h1427
=CAT  \\$aWR14.047$c20140417$lBLL01$h1646
=CAT  \\$aW1611-0868$c20161114$lBLL01$h1414
=CAT  \\$aW1711-1225$c20171203$lBLL01$h1053
=FIN  \\$aY$d20130522
=STA  \\$aSUPPRESSED$bunable to determine reason for suppression
=LAS  \\$aW1711-1225$b00$c20171203$lBLL01$h1053

