=LDR  01373 am a2200409 i 4500
=001  016432690
=003  Uk
=005  20130710091552.0
=006  m\\\\||\\d\|\\\\\\
=007  cr\|||||||||||
=008  130617s2012\\\\enk\\\\\o\\\\\0|0\1|eng\\
=FMT  \\$a  BK
=015  \\$aGBB355270$2bnb
=020  \\$z9781908318886 (paperback)
=040  \\$aUk$beng$cUk$erda
=042  \\$aukblsr
=082  04$a823.92$223
=100  1\$aMale, Howard,$d1958-$eauthor.
=245  10$aEtc etc Amen /$cHoward Male.
=264  \1$a[Great Britain] :$bPalace Park Press,$c2012.
=300  \\$a1 online resource (414 pages)
=336  \\$atext$2rdacontent
=337  \\$acomputer$2rdamedia
=338  \\$aonline resource$2rdacarrier
=530  \\$aAlso issued in print format.
=588  \\$aDescription based on online resource; title from PDF cover page (viewed on June 19, 2013).
=859  \\$aELD$bebook
=852  41$aBritish Library$bHMNTS$jELD Digital store
=CAT  \\$a10983$b40$c20130617$lBLL01$h1055
=CAT  \\$a8141$b40$c20130619$lBLL01$h1119
=CAT  \\$a7332$b40$c20130710$lBLL01$h0915
=CAT  \\$aWR14.047$c20140417$lBLL01$h1646
=CAT  \\$aW1611-0868$c20161114$lBLL01$h1414
=CAT  \\$aW1711-1225$c20171203$lBLL01$h1053
=FIN  \\$aY$d20130619
=STA  \\$aSUPPRESSED$bunable to determine reason for suppression
=LAS  \\$aW1711-1225$b00$c20171203$lBLL01$h1053

