=LDR  01754 am a2200481 i 4500
=001  016436957
=003  Uk
=005  20130709085613.0
=006  m\\\\||\\d\|\\\\\\
=007  cr\|||||||||||
=008  130625s2013\\\\enka\\\\ob\\\\0|0\0|eng\\
=FMT  \\$a  BK
=015  \\$aGBB358691$2bnb
=020  \\$a9780749468866
=020  \\$z9780749468859 (paperback)
=040  \\$aUk$beng$cUk$erda
=042  \\$aukblsr
=082  04$a303.4833$223
=245  00$aDigital state :$bhow the internet is changing everything /$cwritten and edited by Simon Pont.
=264  \1$aLondon :$bKogan Page,$c2013.
=300  \\$a1 online resource (xiv, 242 pages) :$billustrations (black and white)
=336  \\$atext$2rdacontent
=337  \\$acomputer$2rdamedia
=338  \\$aonline resource$2rdacarrier
=504  \\$aIncludes bibliographical references.
=530  \\$aAlso issued in print format.
=588  \\$aDescription based on online resource; title from PDF title page (viewed on July 9, 2013).
=650  \0$aCyberspace$xSocial aspects.
=650  \0$aInternet$xSocial aspects.
=650  \0$aSocial interaction$xTechnological innovations.
=650  \0$aSocial networks$xTechnological innovations.
=650  \0$aSocial change.
=700  1\$aPont, Simon,$eauthor,$eeditor of compilation.
=859  \\$aELD$bebook
=852  41$aBritish Library$bHMNTS$jELD Digital store
=CAT  \\$a10902$b40$c20130625$lBLL01$h1355
=CAT  \\$a8141$b40$c20130709$lBLL01$h0856
=CAT  \\$aWR14.047$c20140417$lBLL01$h1646
=CAT  \\$aW1611-0868$c20161114$lBLL01$h1414
=CAT  \\$aW1711-1225$c20171203$lBLL01$h1053
=FIN  \\$aY$d20130709
=STA  \\$aSUPPRESSED$bunable to determine reason for suppression
=LAS  \\$aW1711-1225$b00$c20171203$lBLL01$h1053

