=LDR  00952 am a22002893i 4500
=001  016437703
=003  Uk
=005  20130626114627.0
=006  m\\\\||\\d\|\\\\\\
=007  cr\|||||||||||
=008  130626s2012\\\\enk\\\\\o\\\\\0|0\0|eng\\
=FMT  \\$a  BK
=020  \\$z9780749465155
=245  \4$aThe New Strategic Brand Management :$bAdvanced insights and strategic thinking.
=250  \\$aFifth edition
=264  \1$aLondon :$bKogan Page Limited,$c2012.
=336  \\$atext$2rdacontent
=337  \\$acomputer$2rdamedia
=338  \\$aonline resource$2rdacarrier
=859  \\$aELD$bebook
=852  41$aBritish Library$bHMNTS$jELD Digital store
=CAT  \\$a11384$b40$c20130626$lBLL01$h1146
=CAT  \\$aWR14.047$c20140417$lBLL01$h1646
=CAT  \\$aW1611-0868$c20161114$lBLL01$h1414
=CAT  \\$aW1711-1225$c20171203$lBLL01$h1053
=STA  \\$aSUPPRESSED$bunable to determine reason for suppression
=LAS  \\$aW1711-1225$b00$c20171203$lBLL01$h1053

