=LDR  01240 am a2200373 i 4500
=001  016437999
=003  Uk
=005  20130730083414.0
=006  m\\\\||\\d\|\\\\\\
=007  cr\|||||||||||
=008  130627s2013\\\\enk||||\o\\\\\0||\1|eng\\
=FMT  \\$a  BK
=015  \\$aGBB365294$2bnb
=040  \\$aUk$beng$cUk$erda
=042  \\$aukblsr
=082  04$a823.92$223
=100  0\$aColbby,$eauthor.
=245  14$aThe eighth dimension /$cby Colbby.
=264  \1$a[Huddersfield] :$bColbby Children's Books,$c[2013]
=300  \\$a1 online resource (243 pages)
=336  \\$atext$2rdacontent
=337  \\$acomputer$2rdamedia
=338  \\$aonline resource$2rdacarrier
=588  \\$aDescription based on online resource; title from PDF title page (viewed on July 30, 2013).
=859  \\$aELD$bebook
=852  41$aBritish Library$bHMNTS$jELD Digital store
=CAT  \\$a10902$b40$c20130627$lBLL01$h1117
=CAT  \\$a11281$b40$c20130730$lBLL01$h0834
=CAT  \\$aWR14.047$c20140417$lBLL01$h1646
=CAT  \\$aW1611-0868$c20161114$lBLL01$h1414
=CAT  \\$aW1711-1225$c20171203$lBLL01$h1053
=FIN  \\$aY$d20130730
=STA  \\$aSUPPRESSED$bunable to determine reason for suppression
=LAS  \\$aW1711-1225$b00$c20171203$lBLL01$h1053

