=LDR  00991 am a22002893i 4500
=001  016442942
=003  Uk
=005  20130702141948.0
=006  m\\\\||\\d\|\\\\\\
=007  cr\|||||||||||
=008  130702s2012\\\\enk\\\\\o\\\\\0|0\0|eng\\
=FMT  \\$a  BK
=020  \\$z9781780633664
=245  \0$aPersonal Knowledge Capital :$bThe inner and outer path of knowledge creation in a web world.
=264  \1$aOxford :$bChandos Publishing,$c2012.
=336  \\$atext$2rdacontent
=337  \\$acomputer$2rdamedia
=338  \\$aonline resource$2rdacarrier
=490  0\$aCHANDOS INFORMATION PROFESSIONAL SERIES
=859  \\$aELD$bebook
=852  41$aBritish Library$bHMNTS$jELD Digital store
=CAT  \\$a10876$b40$c20130702$lBLL01$h1419
=CAT  \\$aWR14.047$c20140417$lBLL01$h1646
=CAT  \\$aW1611-0868$c20161114$lBLL01$h1414
=CAT  \\$aW1711-1225$c20171203$lBLL01$h1053
=STA  \\$aSUPPRESSED$bunable to determine reason for suppression
=LAS  \\$aW1711-1225$b00$c20171203$lBLL01$h1053

