=LDR  00972 am a22002893i 4500
=001  016442954
=003  Uk
=005  20130702142403.0
=006  m\\\\||\\d\|\\\\\\
=007  cr\|||||||||||
=008  130702s2013\\\\enk\\\\\o\\\\\0|0\0|eng\\
=FMT  \\$a  BK
=020  \\$z9781780633527
=245  \0$aEnhancing Learning and Teaching through Student Feedback in Social Sciences.
=264  \1$aOxford :$bChandos Publishing,$c2013.
=336  \\$atext$2rdacontent
=337  \\$acomputer$2rdamedia
=338  \\$aonline resource$2rdacarrier
=490  0\$aCHANDOS LEARNING AND TEACHING SERIES
=859  \\$aELD$bebook
=852  41$aBritish Library$bHMNTS$jELD Digital store
=CAT  \\$a10876$b40$c20130702$lBLL01$h1424
=CAT  \\$aWR14.047$c20140417$lBLL01$h1646
=CAT  \\$aW1611-0868$c20161114$lBLL01$h1414
=CAT  \\$aW1711-1225$c20171203$lBLL01$h1053
=STA  \\$aSUPPRESSED$bunable to determine reason for suppression
=LAS  \\$aW1711-1225$b00$c20171203$lBLL01$h1053

