=LDR  02097cam a2200541 i 4500
=001  016444664
=003  Uk
=005  20160404094713.0
=006  m\\\\||\\d\|\\\\\\
=007  cr\|||||||||||
=008  130703s2008\\\\enk\\\\\ob\\\\0|0\0|eng\\
=FMT  \\$a  BK
=015  \\$aGBB361186$2bnb
=020  \\$a9781906986650 (ePub)
=040  \\$aUk$beng$cUk$erda
=042  \\$aukblsr
=082  04$a302.231$223
=100  1\$aBlair, Thomas Lucien Vincent,$eauthor.
=245  14$aThe audacity of cyberspace :$bthe struggle for internet power /$cThomas L. Blair.
=264  \1$aCambridge, England :$bCambridge International Academics Press,$c[September 2008]
=300  \\$a1 online resource (311 unnumbered pages)
=336  \\$atext$2rdacontent
=337  \\$acomputer$2rdamedia
=338  \\$aonline resource$2rdacarrier
=504  \\$aIncludes bibliographical references.
=530  \\$aAlso issued in print format.
=588  \\$aDescription based on online resource; title from PDF title page (viewed on July 16, 2013).
=650  \0$aInternet$xSocial aspects.
=650  \0$aTechnology and Black people.
=650  \0$aDigital divide.
=690  7\$aSocial Welfare$2blcoll
=859  \\$aELD$bebook
=852  41$aBritish Library$bHMNTS$jELD Digital store
=CAT  \\$a10983$b40$c20130703$lBLL01$h0804
=CAT  \\$a10983$b40$c20130703$lBLL01$h0805
=CAT  \\$a8141$b40$c20130716$lBLL01$h1418
=CAT  \\$a8141$b40$c20130716$lBLL01$h1425
=CAT  \\$a7332$b40$c20130717$lBLL01$h0758
=CAT  \\$aWR14.047$c20140417$lBLL01$h1646
=CAT  \\$a8141$b40$c20160404$lBLL01$h0945
=CAT  \\$a8141$b40$c20160404$lBLL01$h0947
=CAT  \\$aW1611-0868$c20161114$lBLL01$h1414
=CAT  \\$aW1711-1225$c20171203$lBLL01$h1053
=CAT  \\$a11249$b40$c20230313$lBLL01$h1649
=FIN  \\$aY$d20130716
=LKR  \\$aPAR$b015324904$lBLL01$r776$mThe audacity of cyberspace : the struggle for internet power /$nThe audacity of cyberspace : the struggle for internet power /
=STA  \\$aSUPPRESSED$bunable to determine reason for suppression
=LAS  \\$a11249$b40$c20230313$lBLL01$h1649

