=LDR  01747 am a2200493 i 4500
=001  016444667
=003  Uk
=005  20130718082613.0
=006  m\\\\||\\d\|\\\\\\
=007  cr\|||||||||||
=008  130703s2011\\\\enka\\\\ob\\\\0|0\0|eng\\
=FMT  \\$a  BK
=015  \\$aGBB362826$2bnb
=020  \\$a9781908480002
=040  \\$aUk$beng$cUk$erda
=042  \\$aukblsr
=082  04$a305.23089960944$223
=100  1\$aBlair, Thomas Lucien Vincent,$eauthor.
=245  10$aPillars of change /$cThomas L Blair.
=264  \1$aHertford, England :$bEditions Blair,$c2011.
=300  \\$a1 online resource (55 unnumbered pages) :$billustrations (colour)
=336  \\$atext$2rdacontent
=337  \\$acomputer$2rdamedia
=338  \\$aonline resource$2rdacarrier
=504  \\$aIncludes bibliographical references.
=588  \\$aDescription based on online resource; title from PDF title page (viewed on July 17, 2013).
=650  \0$aYouth, Black$zFrance.
=650  \0$aYouth, Black$zFrance$xSocial conditions$y21st century.
=650  \0$aUrban youth$zFrance.
=650  \0$aDiscrimination in education$zFrance.
=650  \0$aSocial change$zFrance.
=651  \0$aFrance$xRace relations.
=690  7\$aSocial Welfare$2blcoll
=859  \\$aELD$bebook
=852  41$aBritish Library$bHMNTS$jELD Digital store
=CAT  \\$a10983$b40$c20130703$lBLL01$h0809
=CAT  \\$a8141$b40$c20130717$lBLL01$h1211
=CAT  \\$a8141$b40$c20130718$lBLL01$h0826
=CAT  \\$aWR14.047$c20140417$lBLL01$h1646
=CAT  \\$aW1611-0868$c20161114$lBLL01$h1414
=CAT  \\$aW1711-1225$c20171203$lBLL01$h1053
=FIN  \\$aY$d20130717
=STA  \\$aSUPPRESSED$bunable to determine reason for suppression
=LAS  \\$aW1711-1225$b00$c20171203$lBLL01$h1053

