=LDR  01757cam a2200481 i 4500
=001  016444668
=003  Uk
=005  20130717084015.0
=006  m\\\\||\\d\|\\\\\\
=007  cr\|||||||||||
=008  130703s2012\\\\stk\\\\\ob\\\\0|0\0|eng\\
=FMT  \\$a  BK
=015  \\$aGBB362791$2bnb
=020  \\$z9781908480026
=040  \\$aUk$beng$cUk$erda
=042  \\$aukblsr
=082  04$a070.1908996$223
=100  1\$aBlair, Thomas Lucien Vincent,$eauthor.
=245  10$aFair media :$bBritish Blacks challenge the nation's newsrooms /$cThomas L Blair.
=264  \1$aHertford, England :$bEditions Blair,$c[1 April 2012]
=300  \\$a1 online resource (72 unnumbered pages)
=336  \\$atext$2rdacontent
=337  \\$acomputer$2rdamedia
=338  \\$aonline resource$2rdacarrier
=504  \\$aIncludes bibliographical references.
=588  \\$aDescription based on online resource; title from PDF cover page (viewed on July 17, 2013).
=650  \0$aBlack people and mass media$zGreat Britain.
=650  \0$aBlack people$xEmployment$zGreat Britain.
=650  \0$aBroadcast journalism$zGreat Britain.
=690  7\$aSocial Welfare$2blcoll
=859  \\$aELD$bebook
=852  41$aBritish Library$bHMNTS$jELD Digital store
=CAT  \\$a10983$b40$c20130703$lBLL01$h0812
=CAT  \\$a8141$b40$c20130717$lBLL01$h0831
=CAT  \\$a8141$b40$c20130717$lBLL01$h0840
=CAT  \\$aWR14.047$c20140417$lBLL01$h1646
=CAT  \\$aW1611-0868$c20161114$lBLL01$h1414
=CAT  \\$aW1711-1225$c20171203$lBLL01$h1053
=CAT  \\$a11249$b40$c20221024$lBLL01$h1058
=CAT  \\$a11249$b40$c20221024$lBLL01$h1235
=FIN  \\$aY$d20130717
=STA  \\$aSUPPRESSED$bunable to determine reason for suppression
=LAS  \\$a11249$b40$c20221024$lBLL01$h1235

