=LDR  01938cam a2200517 i 4500
=001  016444670
=003  Uk
=005  20130717104544.0
=006  m\\\\||\\d\|\\\\\\
=007  cr\|||||||||||
=008  130703s2013\\\\enk\\\\\ob\\\\0|0\0|eng\\
=FMT  \\$a  BK
=015  \\$aGBB362812$2bnb
=020  \\$a9781908480033
=040  \\$aUk$beng$cUk$erda
=042  \\$aukblsr
=082  04$a026.305896$223
=100  1\$aBlair, Thomas Lucien Vincent,$eauthor.
=245  10$aDecolonising knowledge :$bexpand the Black experience in Britain's heritage /$cThomas L Blair.
=264  \1$a[Hertford, England] :$bEditions Blair,$c[2013?]
=300  \\$a1 online resource (222 unnumbered pages)
=336  \\$atext$2rdacontent
=337  \\$acomputer$2rdamedia
=338  \\$aonline resource$2rdacarrier
=500  \\$aEditions Blair E-book series.
=504  \\$aIncludes bibliographical references.
=588  \\$aDescription based on online resource; title from PDF cover page (viewed on July 17, 2013).
=650  \0$aBlack people$zGreat Britain$xIntellectual life$xArchival resources.
=650  \0$aBlack people$zGreat Britain$xIntellectual life.
=650  \0$aBlack people$xIntellectual life.
=690  7\$aSocial Welfare$2blcoll
=859  \\$aELD$bebook
=852  41$aBritish Library$bHMNTS$jELD Digital store
=CAT  \\$a10983$b40$c20130703$lBLL01$h0817
=CAT  \\$a10983$b40$c20130703$lBLL01$h0818
=CAT  \\$a10983$b40$c20130703$lBLL01$h0821
=CAT  \\$a8141$b40$c20130717$lBLL01$h1045
=CAT  \\$aWR14.047$c20140417$lBLL01$h1646
=CAT  \\$aW1611-0868$c20161114$lBLL01$h1414
=CAT  \\$aW1711-1225$c20171203$lBLL01$h1053
=CAT  \\$a11249$b40$c20221024$lBLL01$h1607
=CAT  \\$a11249$b40$c20221027$lBLL01$h1208
=CAT  \\$a11249$b40$c20230117$lBLL01$h1220
=FIN  \\$aY$d20130717
=STA  \\$aSUPPRESSED$bunable to determine reason for suppression
=LAS  \\$a11249$b40$c20230117$lBLL01$h1220

