=LDR  01990 am a2200541 i 4500
=001  016444673
=003  Uk
=005  20130719085035.0
=006  m\\\\||\\d\|\\\\\\
=007  cr\|||||||||||
=008  130703s2011\\\\enka\\\\ob\\\\0|0\0|fre\\
=FMT  \\$a  BK
=015  \\$aGBB362887$2bnb
=020  \\$z9781908480019
=040  \\$aUk$beng$cUk$erda
=042  \\$aukblsr
=082  04$a305.23089960944$223
=100  1\$aBlair, Thomas Lucien Vincent,$eauthor.
=240  10$aPillars of change.$lFrench
=245  14$aLes piliers du changement /$cThomas L Blair ; traduit de l'anglais par Valérie Kanza.
=264  \1$a[Hertford, England] :$bBlair Editions,$c[2011]
=300  \\$a1 online resource (100 unnumbered pages) :$billustrations (colour)
=336  \\$atext$2rdacontent
=337  \\$acomputer$2rdamedia
=338  \\$aonline resource$2rdacarrier
=500  \\$aTranslated from the English.
=504  \\$aIncludes bibliographical references.
=588  \\$aDescription based on online resource; title from PDF title page (viewed on July 18, 2013).
=650  \0$aYouth, Black$zFrance.
=650  \0$aYouth, Black$zFrance$xSocial conditions$y21st century.
=650  \0$aUrban youth$zFrance.
=650  \0$aDiscrimination in education$zFrance.
=650  \0$aSocial change$zFrance.
=651  \0$aFrance$xRace relations.
=690  7\$aSocial Welfare$2blcoll
=700  1\$aKanza, Valérie,$etranslator.
=859  \\$aELD$bebook
=852  41$aBritish Library$bHMNTS$jELD Digital store
=CAT  \\$a10983$b40$c20130703$lBLL01$h0827
=CAT  \\$a8141$b40$c20130718$lBLL01$h0827
=CAT  \\$a7332$b40$c20130719$lBLL01$h0850
=CAT  \\$aBATCH-UPD$b40$c20130722$lBLL01$h2027
=CAT  \\$aWR14.047$c20140417$lBLL01$h1646
=CAT  \\$aW1611-0868$c20161114$lBLL01$h1414
=CAT  \\$aW1711-1225$c20171203$lBLL01$h1053
=FIN  \\$aY$d20130718
=STA  \\$aSUPPRESSED$bunable to determine reason for suppression
=LAS  \\$aW1711-1225$b00$c20171203$lBLL01$h1053

