=LDR  01801 am a2200469 i 4500
=001  016450264
=003  Uk
=005  20130712083613.0
=006  m\\\\||\\d\|\\\\\\
=007  cr\|||||||||||
=008  130711s2013\\\\enka\\\\ob\\\\000\0|eng\\
=FMT  \\$a  BK
=015  \\$aGBB360794$2bnb
=020  \\$z9781782461210
=040  \\$aUk$beng$cUk$erda
=042  \\$aukblsr
=082  04$a331.1360941$223
=245  00$aMigrant Seasonal Workers :$bthe impact on the horticulture and food processing sectors of closing the Seasonal Agricultural Workers Scheme and the Sectors Based Scheme.
=264  \1$aLondon :$bMigration Advisory Committee,$cMay 2013.
=300  \\$a219 pages :$billustrations (colour) ;$c30 cm
=336  \\$atext$2rdacontent
=337  \\$acomputer$2rdamedia
=338  \\$aonline resource$2rdacarrier
=504  \\$aIncludes bibliographical references.
=588  \\$aDescription based on online resource; title from PDF title page (viewed on July 12, 2013).
=650  \0$aSkilled labor$zGreat Britain.
=650  \0$aLabor supply$zGreat Britain.
=650  \0$aForeign workers$zGreat Britain.
=690  7\$aManagement and Business Studies$2blcoll
=690  7\$aSocial Welfare$2blcoll
=710  1\$aGreat Britain.$bMigration Advisory Committee,$eissuing body.
=859  \\$aELD$bebook
=852  41$aBritish Library$bHMNTS$jELD Digital store
=CAT  \\$a10983$b40$c20130711$lBLL01$h0903
=CAT  \\$a10983$b40$c20130711$lBLL01$h0910
=CAT  \\$a7332$b40$c20130712$lBLL01$h0836
=CAT  \\$aWR14.047$c20140417$lBLL01$h1646
=CAT  \\$aW1611-0868$c20161114$lBLL01$h1414
=CAT  \\$aW1711-1225$c20171203$lBLL01$h1053
=FIN  \\$aY$d20130712
=STA  \\$aSUPPRESSED$bunable to determine reason for suppression
=LAS  \\$aW1711-1225$b00$c20171203$lBLL01$h1053

