=LDR  01597 am a2200457 i 4500
=001  016450964
=003  Uk
=005  20130729114212.0
=006  m\\\\||\\d\|\\\\\\
=007  cr\|||||||||||
=008  130712s2013\\\\enk\\\\\ob\\\\0|0\0|eng\\
=FMT  \\$a  BK
=015  \\$aGBB365125$2bnb
=020  \\$a9781905454181
=040  \\$aUk$beng$cUk$erda
=042  \\$aukblsr
=082  04$a153.32$223
=100  1\$aLilly, Sue,$eauthor.
=245  14$aThe silver dragon chronicles 1 :$bweaving the Earth-light-web /$cSue Lilly.
=246  10$aWeaving the Earth-light-web
=264  \1$aExminster, Exeter, Devon :$bTree Seer Publications,$c[2013]
=300  \\$a1 online resource (20 unnumbered pages)
=336  \\$atext$2rdacontent
=337  \\$acomputer$2rdamedia
=338  \\$aonline resource$2rdacarrier
=504  \\$aIncludes bibliographical references.
=588  \\$aDescription based on online resource; title from PDF cover page (viewed on July 29, 2013).
=650  \0$aVisualization$xTherapeutic use.
=650  \0$aImagery (Psychology)$xTherapeutic use.
=650  \0$aWell-being.
=650  \0$aSelf-help techniques.
=859  \\$aELD$bebook
=852  41$aBritish Library$bHMNTS$jELD Digital store
=CAT  \\$a12664$b40$c20130712$lBLL01$h1357
=CAT  \\$a8141$b40$c20130729$lBLL01$h1142
=CAT  \\$aWR14.047$c20140417$lBLL01$h1646
=CAT  \\$aW1611-0868$c20161114$lBLL01$h1414
=CAT  \\$aW1711-1225$c20171203$lBLL01$h1053
=FIN  \\$aY$d20130729
=STA  \\$aSUPPRESSED$bunable to determine reason for suppression
=LAS  \\$aW1711-1225$b00$c20171203$lBLL01$h1053

