=LDR  00915 am a22002773i 4500
=001  016452430
=003  Uk
=005  20130715135921.0
=006  m\\\\||\\d\|\\\\\\
=007  cr\|||||||||||
=008  130715s2013\\\\enk\\\\\o\\\\\0|0\0|eng\\
=FMT  \\$a  BK
=245  \0$aPesticide residues in apple purée :$bApril-June 2013.
=264  \1$aSand Hutton, York :$bFAPAS,$c2013
=336  \\$atext$2rdacontent
=337  \\$acomputer$2rdamedia
=338  \\$aonline resource$2rdacarrier
=490  0\$aFAPAS Report ;$v19150 - version 2
=859  \\$aELD$bebook
=852  41$aBritish Library$bHMNTS$jELD Digital store
=CAT  \\$a10876$b40$c20130715$lBLL01$h1359
=CAT  \\$aWR14.047$c20140417$lBLL01$h1646
=CAT  \\$aW1611-0868$c20161114$lBLL01$h1414
=CAT  \\$aW1711-1225$c20171203$lBLL01$h1053
=STA  \\$aSUPPRESSED$bunable to determine reason for suppression
=LAS  \\$aW1711-1225$b00$c20171203$lBLL01$h1053

