=LDR  00898 am a22002773i 4500
=001  016452436
=003  Uk
=005  20130715140357.0
=006  m\\\\||\\d\|\\\\\\
=007  cr\|||||||||||
=008  130715s2013\\\\enk\\\\\o\\\\\0|0\0|eng\\
=FMT  \\$a  BK
=245  \0$aPesticide residues in maize flour :$bMay-June 2013.
=264  \1$aSand Hutton, York :$bFAPAS,$c2013
=336  \\$atext$2rdacontent
=337  \\$acomputer$2rdamedia
=338  \\$aonline resource$2rdacarrier
=490  0\$aFAPAS Report ;$v0982
=859  \\$aELD$bebook
=852  41$aBritish Library$bHMNTS$jELD Digital store
=CAT  \\$a10876$b40$c20130715$lBLL01$h1403
=CAT  \\$aWR14.047$c20140417$lBLL01$h1646
=CAT  \\$aW1611-0868$c20161114$lBLL01$h1414
=CAT  \\$aW1711-1225$c20171203$lBLL01$h1053
=STA  \\$aSUPPRESSED$bunable to determine reason for suppression
=LAS  \\$aW1711-1225$b00$c20171203$lBLL01$h1053

