=LDR  02100 am a2200541 i 4500
=001  016454710
=003  Uk
=005  20130808112401.0
=006  m\\\\||\\d\|\\\\\\
=007  cr\|||||||||||
=008  130717s2013\\\\enka\\\\ob\\\\0|0\0|eng\\
=FMT  \\$a  BK
=015  \\$aGBB368399$2bnb
=040  \\$aUk$beng$cUk$erda
=042  \\$aukblsr
=082  04$a512.73$223
=100  1\$aDrummond, Tony,$eauthor.
=245  10$aPartitioning strategies for the Block Cimmino algorithm /$cT Drummond, IS Duff, R Guivarch, D Ruiz, M Zenadi.
=264  \1$aDidcot :$bScience & Technology Facilities Council,$cJuly 2013.
=300  \\$a1 online resource (i, 20 pages) :$billustrations (colour).
=336  \\$atext$2rdacontent
=337  \\$acomputer$2rdamedia
=338  \\$aonline resource$2rdacarrier
=490  1\$aPreprint ;$vRAL-P-2013-010
=500  \\$a"Submitted for publication in Journal of Engineering Mathematics"--Cover.
=504  \\$aIncludes bibliographical references.
=588  \\$aDescription based on online resource; title from PDF cover page (viewed on August 2, 2013).
=650  \0$aPartitions (Mathematics)
=650  \0$aSparse matrices.
=650  \0$aIterative methods (Mathematics)
=650  \0$aAlgorithms.
=700  1\$aDuff, Iain S.,$eauthor.
=700  1\$aGuivarch, Ronan,$eauthor.
=700  1\$aRuiz, Daniel,$eauthor.
=700  1\$aZenadi, Mohamed,$eauthor.
=710  2\$aScience and Technology Facilities Council (Great Britain),$epublisher.
=830  \0$aPreprint (Science and Technology Facilities Council (Great Britain)) ;$vRAL-P-2013-010.
=859  \\$aELD$bebook
=852  41$aBritish Library$bHMNTS$jELD Digital store
=CAT  \\$a12664$b40$c20130717$lBLL01$h0935
=CAT  \\$a8141$b40$c20130802$lBLL01$h0858
=CAT  \\$a7332$b40$c20130808$lBLL01$h1124
=CAT  \\$aWR14.047$c20140417$lBLL01$h1646
=CAT  \\$aW1611-0868$c20161114$lBLL01$h1414
=CAT  \\$aW1711-1225$c20171203$lBLL01$h1053
=FIN  \\$aY$d20130802
=STA  \\$aSUPPRESSED$bunable to determine reason for suppression
=LAS  \\$aW1711-1225$b00$c20171203$lBLL01$h1053

