=LDR  02028 am a2200541 i 4500
=001  016454731
=003  Uk
=005  20130808082358.0
=006  m\\\\||\\d\|\\\\\\
=007  cr\|||||||||||
=008  130717s2013\\\\enk\\\\\ob\\\\0|0\0|eng\\
=FMT  \\$a  BK
=015  \\$aGBB368414$2bnb
=020  \\$z9781909903005
=040  \\$aUk$beng$cUk$erda
=042  \\$aukblsr
=082  04$a158.7808861510942$223
=100  1\$aJacobs, Sally,$eauthor.
=245  10$aManaging workplace stress to enhance safer practice in community pharmacy :$ba scoping study /$cSally Jacobs, Karen Hassell, Sheena Johnson.
=264  \1$aLondon :$bPharmacy Research UK,$c[2013?]
=300  \\$a1 online resource (139 pages)
=336  \\$atext$2rdacontent
=337  \\$acomputer$2rdamedia
=338  \\$aonline resource$2rdacarrier
=500  \\$aFinal report ; June 2013.
=504  \\$aIncludes bibliographical references.
=588  \\$aDescription based on online resource; title from PDF cover page (viewed on August 2, 2013).
=650  \0$aPharmacists$xJob stress$zEngland.
=650  \0$aStress management.
=650  \0$aPharmaceutical services$zEngland.
=700  1\$aHassell, Karen,$d1961-$eauthor.
=700  1\$aJohnson, Sheena,$eauthor.
=710  2\$aPharmacy Research UK,$epublisher.
=710  2\$aUniversity of Manchester.$bCentre for Pharmacy Workforce Studies.
=859  \\$aELD$bebook
=852  41$aBritish Library$bHMNTS$jELD Digital store
=CAT  \\$a12664$b40$c20130717$lBLL01$h1001
=CAT  \\$a12664$b40$c20130717$lBLL01$h1202
=CAT  \\$a12664$b40$c20130717$lBLL01$h1203
=CAT  \\$a8141$b40$c20130802$lBLL01$h1106
=CAT  \\$a8141$b40$c20130802$lBLL01$h1122
=CAT  \\$a7332$b40$c20130808$lBLL01$h0823
=CAT  \\$aWR14.047$c20140417$lBLL01$h1646
=CAT  \\$aW1611-0868$c20161114$lBLL01$h1414
=CAT  \\$aW1711-1225$c20171203$lBLL01$h1053
=FIN  \\$aY$d20130802
=STA  \\$aSUPPRESSED$bunable to determine reason for suppression
=LAS  \\$aW1711-1225$b00$c20171203$lBLL01$h1053

