=LDR  01876 am a2200469 i 4500
=001  016454916
=003  Uk
=005  20130806113137.0
=006  m\\\\||\\d\|\\\\\\
=007  cr\|||||||||||
=008  130717s2013\\\\enka\\\\ob\\\\0|0\0|eng\\
=FMT  \\$a  BK
=015  \\$aGBB368482$2bnb
=040  \\$aUk$beng$cUk$erda
=042  \\$aukblsr
=082  04$a621.361$223
=100  1\$aPokhilchuk, Konstantin,$eauthor.
=245  10$aMonte Carlo modelling of the OSIRIS neutron backscattering spectrometer /$cKonstantin Pokhilchuk.
=264  \1$aDidcot :$bScience & Technology Facilities Council,$cJuly 2013.
=300  \\$a1 online resource (58 pages) :$billustrations (black and white, and colour).
=336  \\$atext$2rdacontent
=337  \\$acomputer$2rdamedia
=338  \\$aonline resource$2rdacarrier
=490  1\$aTechnical Report,$x1358-6254 ;$vRAL-TR-2013-008
=504  \\$aIncludes bibliographical references.
=588  \\$aDescription based on online resource; title from PDF title page (viewed on August 5, 2013).
=650  \0$aOptical spectrometers$xComputer simulation.
=650  \0$aMonte Carlo method.
=650  \0$aNeutrons$xScattering.
=710  2\$aScience and Technology Facilities Council (Great Britain),$epublisher.
=830  \0$aTechnical report (Science and Technology Facilities Council (Great Britain)) ;$vRAL-TR-2013-008.
=859  \\$aELD$bebook
=852  41$aBritish Library$bHMNTS$jELD Digital store
=CAT  \\$a12664$b40$c20130717$lBLL01$h1354
=CAT  \\$a8141$b40$c20130805$lBLL01$h0938
=CAT  \\$a7332$b40$c20130806$lBLL01$h1131
=CAT  \\$aWR14.047$c20140417$lBLL01$h1646
=CAT  \\$aW1611-0868$c20161114$lBLL01$h1414
=CAT  \\$aW1711-1225$c20171203$lBLL01$h1053
=FIN  \\$aY$d20130805
=STA  \\$aSUPPRESSED$bunable to determine reason for suppression
=LAS  \\$aW1711-1225$b00$c20171203$lBLL01$h1053

