=LDR  01981 am a2200493 i 4500
=001  016458281
=003  Uk
=005  20130808142706.0
=006  m\\\\||\\d\|\\\\\\
=007  cr\|||||||||||
=008  130724s2013\\\\enk\\\\\ob\\\|0|0\0|eng\\
=FMT  \\$a  BK
=015  \\$aGBB370456$2bnb
=040  \\$aUk$beng$cUk$erda
=042  \\$aukblsr
=082  04$a616.12806$223
=100  1\$aLane, Deirdre,$eauthor.
=245  10$aCombined anticoagulation and antiplatelet therapy for high-risk patients with atrial fibrillation :$ba systematic review /$cDA Lane [and five others] on behalf of the Steering Committee.
=264  \1$a[Southampton] :$bNIHR Journals Library,$cJuly 2013.
=300  \\$a1 online resource (xvi, 187 pages).
=336  \\$atext$2rdacontent
=337  \\$acomputer$2rdamedia
=338  \\$aonline resource$2rdacarrier
=490  1\$aHealth technology assessment,$x2046-4924 ;$vvolume 17, issue 30
=500  \\$a"DOI 10.3310/hta17300."
=504  \\$aIncludes bibliographical references.
=588  \\$aDescription based on online resource; title from PDF title page (viewed on August 8, 2013).
=650  \0$aAtrial fibrillation$xTreatment.
=650  \0$aAnticoagulants (Medicine)
=650  \0$aBlood platelets$xAggregation.
=710  2\$aNIHR Journals Library,$epublisher.
=710  2\$aNational Institute for Health Research (Great Britain)
=830  \0$aHealth technology assessment (Winchester),$x1366-5278 ;$vvolume 17, issue 30.
=859  \\$aELD$bebook
=852  41$aBritish Library$bHMNTS$jELD Digital store
=CAT  \\$a12664$b40$c20130724$lBLL01$h1212
=CAT  \\$a12664$b40$c20130724$lBLL01$h1216
=CAT  \\$a8141$b40$c20130808$lBLL01$h1427
=CAT  \\$aWR14.047$c20140417$lBLL01$h1646
=CAT  \\$aW1611-0868$c20161114$lBLL01$h1414
=CAT  \\$aW1711-1225$c20171203$lBLL01$h1053
=FIN  \\$aY$d20130808
=STA  \\$aSUPPRESSED$bunable to determine reason for suppression
=LAS  \\$aW1711-1225$b00$c20171203$lBLL01$h1053

