=LDR  01730 am a2200445 i 4500
=001  016460485
=003  Uk
=005  20131108134731.0
=006  m\\\\||\\d\|\\\\\\
=007  cr\|||||||||||
=008  130730s2013\\\\enka|||\ob\\\\1||\0|eng\\
=FMT  \\$a  BK
=015  \\$aGBB367168$2bnb
=020  \\$z9780956349422
=040  \\$aUk$beng$cUk$erda
=042  \\$aukblsr
=082  04$a338.4791$223
=111  2\$aWelcoming Encounters: Tourism Research in a Postdisciplinary Era (Conference)$d(2013 :$cNeuchatel, Switzerland)
=245  10$aWelcoming encounters :$btourism research in a postdisciplinary era : conference proceedings /$cedited by William G. Feighery.
=264  \1$aLondon :$bEducational Travel Foundation,$c[2013]
=300  \\$a1 online resource (69 pages) :$billustrations (colour)
=336  \\$atext$2rdacontent
=337  \\$acomputer$2rdamedia
=338  \\$aonline resource$2rdacarrier
=504  \\$aIncludes bibliographical references.
=588  \\$aDescription based on online resource; title from p.1 of PDF file (viewed on August 1, 2013).
=650  \0$aTourism$vCongresses.
=700  1\$aFeighery, William G.,$eeditor.
=710  2\$aUniversité de Neuchâtel,$ehost institution.
=859  \\$aELD$bebook
=852  41$aBritish Library$bHMNTS$jELD Digital store
=CAT  \\$a10902$b40$c20130730$lBLL01$h1059
=CAT  \\$a11281$b40$c20130801$lBLL01$h0837
=CAT  \\$a7332$b40$c20131108$lBLL01$h1347
=CAT  \\$aWR14.047$c20140417$lBLL01$h1646
=CAT  \\$aW1611-0868$c20161114$lBLL01$h1415
=CAT  \\$aW1711-1225$c20171203$lBLL01$h1053
=FIN  \\$aY$d20130801
=STA  \\$aSUPPRESSED$bunable to determine reason for suppression
=LAS  \\$aW1711-1225$b00$c20171203$lBLL01$h1053

