=LDR  01758 am a2200457 i 4500
=001  016460523
=003  Uk
=005  20130829150512.0
=006  m\\\\||\\d\|\\\\\\
=007  cr\|||||||||||
=008  130730s2013\\\\enkab||\ob\\\\0||\0|eng\\
=FMT  \\$a  BK
=015  \\$aGBB370427$2bnb
=020  \\$z1898447217
=040  \\$aUk$beng$cUk$erda
=042  \\$aukblsr
=082  04$a362.175083$223
=100  1\$aHunt, Anne$c(Research fellow in nursing),$eauthor.
=245  14$aThe big study for life-limited children and their families :$bfinal research report /$cA. Hunt [and eighteen others].
=264  \1$aBristol :$bTogether for Short Lives,$cJune 2013.
=300  \\$a1 online resource (66 pages) :$billustrations (colour), maps (colour)
=336  \\$atext$2rdacontent
=337  \\$acomputer$2rdamedia
=338  \\$aonline resource$2rdacarrier
=504  \\$aIncludes bibliographical references.
=588  \\$aDescription based on online resource; title from PDF cover page (viewed on August 8, 2013).
=650  \0$aTerminally ill children$xCare.
=650  \0$aTerminally ill children$xMedical care.
=650  \0$aTerminally ill children$xFamily relationships.
=710  2\$aTogether for Short Lives (Charity),$eissuing body.
=859  \\$aELD$bebook
=852  41$aBritish Library$bHMNTS$jELD Digital store
=CAT  \\$a10902$b40$c20130730$lBLL01$h1144
=CAT  \\$a11281$b40$c20130808$lBLL01$h0910
=CAT  \\$a7332$b40$c20130829$lBLL01$h1505
=CAT  \\$aWR14.047$c20140417$lBLL01$h1646
=CAT  \\$aW1611-0868$c20161114$lBLL01$h1415
=CAT  \\$aW1711-1225$c20171203$lBLL01$h1053
=FIN  \\$aY$d20130808
=STA  \\$aSUPPRESSED$bunable to determine reason for suppression
=LAS  \\$aW1711-1225$b00$c20171203$lBLL01$h1053

