=LDR  01907 am a2200505 i 4500
=001  016460707
=003  Uk
=005  20130813112240.0
=006  m\\\\||\\d\|\\\\\\
=007  cr\|||||||||||
=008  130730s2013\\\\enka|||\ob\\\o0||\0|eng\\
=FMT  \\$a  BK
=015  \\$aGBB370771$2bnb
=040  \\$aUk$beng$cUk$erda
=042  \\$aukblsr
=082  04$a636.0855$223
=110  1\$aGreat Britain.$bFood Analysis Performance Assessment Scheme,$eauthor.
=245  10$aFeeding stuffs (dairy ration).$pMay-July 2013 /$cthis report was prepared and authorised on behalf of FAPAS by Michael Knaggs (Round Coordinator).
=264  \1$aSand Hutton, York :$bFAPAS,$c[2013]
=300  \\$a1 online resource (28 pages) :$billustrations (black and white).
=336  \\$atext$2rdacontent
=337  \\$acomputer$2rdamedia
=338  \\$aonline resource$2rdacarrier
=490  0\$aFAPAS report ;$v10109
=504  \\$aIncludes bibliographical references.
=588  \\$aDescription based on online resource; title from PDF cover page (viewed on August 13, 2013).
=650  \0$aDairy cattle$xFeeding and feeds$xTesting.
=650  \0$aDairy cattle$xFeeding and feeds$xAnalysis.
=650  \0$aIron$xAnalysis.
=650  \0$aLead$xAnalysis.
=650  \0$aMagnesium$xAnalysis.
=650  \0$aManganese$xAnalysis.
=650  \0$aSelenium$xAnalysis.
=650  \0$aChemical laboratories$xQuality control.
=700  1\$aKnaggs, Michael,$eauthor.
=859  \\$aELD$bebook
=852  41$aBritish Library$bHMNTS$jELD Digital store
=CAT  \\$a10902$b40$c20130730$lBLL01$h1453
=CAT  \\$a11281$b40$c20130813$lBLL01$h1122
=CAT  \\$aWR14.047$c20140417$lBLL01$h1646
=CAT  \\$aW1611-0868$c20161114$lBLL01$h1415
=CAT  \\$aW1711-1225$c20171203$lBLL01$h1053
=FIN  \\$aY$d20130813
=STA  \\$aSUPPRESSED$bunable to determine reason for suppression
=LAS  \\$aW1711-1225$b00$c20171203$lBLL01$h1053

