=LDR  02251 am a2200541 i 4500
=001  016462660
=003  Uk
=005  20130830174856.0
=006  m\\\\||\\d\|\\\\\\
=007  cr\|||||||||||
=008  130731s2013\\\\enka|||\ob\\\\0||\0|eng\\
=FMT  \\$a  BK
=015  \\$aGBB373173$2bnb
=040  \\$aUk$beng$cUk$erda
=042  \\$aukblsr
=082  04$a539.76$223
=100  1\$aHautmann, F.$q(Francesco),$eauthor.
=245  10$aLecture Notes for the 2013 HEP School for Experimental High Energy Physics Students :$bUniversity of Warwick 1 - 13 September 2013 /$cLecturers: F. Hautmann, C. Maxwell, P. Richardson, C. White, Compiler: P. Dauncey.
=264  \1$aDidcot :$bScience and Technology Facilities Council,$cJuly 2013.
=300  \\$a1 online resource (iv, 226 pages) :$billustrations (black and white).
=336  \\$atext$2rdacontent
=337  \\$acomputer$2rdamedia
=338  \\$aonline resource$2rdacarrier
=490  1\$aTechnical report,$x1358- 6254 ;$vRAL-TR-2013-009
=504  \\$aIncludes bibliographical references.
=588  \\$aDescription based on online resource; title from PDF title page (viewed on August 20, 2013).
=650  \0$aParticles (Nuclear physics)
=650  \0$aField theory (Physics)
=650  \0$aQuantum field theory.
=700  1\$aMaxwell, C.$q(Chris),$eauthor.
=700  1\$aRichardson, P.$q(Peter),$eauthor.
=700  1\$aWhite, C.$q(Chris),$eauthor.
=700  1\$aDauncey, P.$q(Paul),$ecompiler.
=710  2\$aUniversity of Warwick,$ehost institution.
=710  2\$aScience and Technology Facilities Council (Great Britain),$epublisher.
=710  2\$aRutherford Appleton Laboratory.
=830  \0$aTechnical report (Rutherford Appleton Laboratory) ;$vRAL-TR-2013-009.
=859  \\$aELD$bebook
=852  41$aBritish Library$bHMNTS$jELD Digital store
=CAT  \\$a10902$b40$c20130731$lBLL01$h1128
=CAT  \\$a11281$b40$c20130820$lBLL01$h0825
=CAT  \\$a7332$b40$c20130830$lBLL01$h1748
=CAT  \\$aWR14.047$c20140417$lBLL01$h1646
=CAT  \\$aW1611-0868$c20161114$lBLL01$h1415
=CAT  \\$aW1711-1225$c20171203$lBLL01$h1053
=FIN  \\$aY$d20130820
=STA  \\$aSUPPRESSED$bunable to determine reason for suppression
=LAS  \\$aW1711-1225$b00$c20171203$lBLL01$h1053

