=LDR  02621 am a2200541 i 4500
=001  016462666
=003  Uk
=005  20130815121730.0
=006  m\\\\||\\d\|\\\\\\
=007  cr\|||||||||||
=008  130731s2013\\\\enka|||\ob\\\\1||\0|eng\\
=FMT  \\$a  BK
=015  \\$aGBB372807$2bnb
=020  \\$z9781841023458
=040  \\$aUk$beng$cUk$erda
=042  \\$aukblsr
=082  04$a658.478$223
=111  2\$aEuropean Information Security Multi-Conference$d(2013 :$cLisbon, Portugal)
=245  10$aProceedings of the European Information Security Multi-Conference (EISMC 2013) :$bLisbon, Portugal 8-10 May, 2013 /$cEditors, Steven Furnell, Nathan Clarke, Vasilis Katos.
=246  30$aEISMC 2013
=264  \1$a[Plymouth] :$bPlymouth University,$c[2013]
=300  \\$a1 online resource (iv, 145 pages) :$billustrations (black and white, and colour)
=336  \\$atext$2rdacontent
=337  \\$acomputer$2rdamedia
=338  \\$aonline resource$2rdacarrier
=504  \\$aIncludes bibliographical references.
=520  \\$aThe multi-conference is based upon the following contributing events: The 7th International Symposium on Human Aspects of Information Security and Assurance (HAISA); The 8th International Workshop on Digital Forensics and Incident Analysis (WDFIA). -- p.i of PDF file.
=588  \\$aDescription based on online resource; title from PDF title page (viewed on August 15, 2013).
=650  \0$aComputer networks$xSecurity measures$vCongresses.
=650  \0$aComputer security$xManagement$vCongresses.
=650  \0$aSocial networks$xComputer network resources$xSecurity measures$vCongresses.
=700  1\$aFurnell, Steven,$d1970-$eeditor.
=700  1\$aClarke, Nathan,$eeditor.
=700  1\$aKatos, Vasilis,$eeditor.
=711  2\$aInternational Symposium on Human Aspects of Information Security & Assurance$n(7th :$d2013 :$cLisbon, Portugal)
=711  2\$aInternational Workshop on Digital Forensics and Incident Analysis$n(8th :$d2013 :$cLisbon, Portugal)
=710  2\$aUniversity of Plymouth.$bCentre for Information Security & Network Research,$epublisher.
=859  \\$aELD$bebook
=852  41$aBritish Library$bHMNTS$jELD Digital store
=CAT  \\$a10902$b40$c20130731$lBLL01$h1140
=CAT  \\$a10902$b40$c20130731$lBLL01$h1141
=CAT  \\$a11281$b40$c20130815$lBLL01$h1217
=CAT  \\$aWR14.047$c20140417$lBLL01$h1646
=CAT  \\$aW1611-0868$c20161114$lBLL01$h1415
=CAT  \\$aW1711-1225$c20171203$lBLL01$h1053
=FIN  \\$aY$d20130815
=STA  \\$aSUPPRESSED$bunable to determine reason for suppression
=LAS  \\$aW1711-1225$b00$c20171203$lBLL01$h1053

