=LDR  01325 am a2200385 i 4500
=001  016469108
=003  Uk
=005  20130809145406.0
=006  m\\\\||\\d\|\\\\\\
=007  cr\|||||||||||
=008  130807s2013\\\\stkb\\\\o\\\\\0|0\1|eng\\
=FMT  \\$a  BK
=015  \\$aGBB370513$2bnb
=020  \\$z9780957661424
=040  \\$aUk$beng$cUk$erda
=042  \\$aukblsr
=082  04$a823.92$223
=100  1\$aDavidson, Bill,$eauthor.
=245  14$aThe white petals of York /$cby Bill Davidson.
=264  \1$a[Largs?] :$bBubblyjock Publications,$cAugust 2013.
=300  \\$a1 online resource (214 unnumbered pages) :$b1 map (black and white)
=336  \\$atext$2rdacontent
=337  \\$acomputer$2rdamedia
=338  \\$aonline resource$2rdacarrier
=588  \\$aDescription based on online resource; title from PDF title page (viewed on August 9, 2013).
=859  \\$aELD$bebook
=852  41$aBritish Library$bHMNTS$jELD Digital store
=CAT  \\$a12664$b40$c20130807$lBLL01$h1542
=CAT  \\$a8141$b40$c20130809$lBLL01$h1454
=CAT  \\$aWR14.047$c20140417$lBLL01$h1646
=CAT  \\$aW1611-0868$c20161114$lBLL01$h1415
=CAT  \\$aW1711-1225$c20171203$lBLL01$h1053
=FIN  \\$aY$d20130809
=STA  \\$aSUPPRESSED$bunable to determine reason for suppression
=LAS  \\$aW1711-1225$b00$c20171203$lBLL01$h1053

