=LDR  01591 am a2200445 i 4500
=001  016469150
=003  Uk
=005  20130902112127.0
=006  m\\\\||\\d\|\\\\\\
=007  cr\|||||||||||
=008  130807s2013\\\\enk\\\\\o\\\\\0|0\1|eng\\
=FMT  \\$a  BK
=015  \\$aGBB370814$2bnb
=020  \\$z9780957661400
=040  \\$aUk$beng$cUk$erda
=042  \\$aukblsr
=082  04$a823.0108092$223
=100  1\$aHood, Evelyn,$eauthor.
=245  10$aTake ten :$bten minute short stories /$cby Evelyn Hood, Anna Ward, Bill Torrie Douglas, Bill Davidson.
=264  \1$a[Largs?] :$bBubblyjock Publications,$cJune 2013.
=300  \\$a1 online resource (72 unnumbered pages)
=336  \\$atext$2rdacontent
=337  \\$acomputer$2rdamedia
=338  \\$aonline resource$2rdacarrier
=588  \\$aDescription based on online resource; title from PDF cover page (viewed on August 13, 2013).
=650  \0$aShort stories, English.
=700  1\$aWard, Anna$c(Short story writer),$eauthor.
=700  1\$aDouglas, Bill Torrie,$eauthor.
=700  1\$aDavidson, Bill,$eauthor.
=859  \\$aELD$bebook
=852  41$aBritish Library$bHMNTS$jELD Digital store
=CAT  \\$a12664$b40$c20130807$lBLL01$h1611
=CAT  \\$a8141$b40$c20130813$lBLL01$h1422
=CAT  \\$a7332$b40$c20130902$lBLL01$h1121
=CAT  \\$aWR14.047$c20140417$lBLL01$h1646
=CAT  \\$aW1611-0868$c20161114$lBLL01$h1415
=CAT  \\$aW1711-1225$c20171203$lBLL01$h1053
=FIN  \\$aY$d20130813
=STA  \\$aSUPPRESSED$bunable to determine reason for suppression
=LAS  \\$aW1711-1225$b00$c20171203$lBLL01$h1053

