=LDR  01448 am a2200397 i 4500
=001  016469158
=003  Uk
=005  20130815152104.0
=006  m\\\\||\\d\|\\\\\\
=007  cr\|||||||||||
=008  130807s2013\\\\enk\\\\\o\\\\\0|0\1|eng\\
=FMT  \\$a  BK
=015  \\$aGBB370820$2bnb
=020  \\$z9780957634008
=040  \\$aUk$beng$cUk$erda
=042  \\$aukblsr
=082  04$a823.92$223
=100  1\$aMullins, Steve$c(Business consultant),$eauthor.
=245  14$aThe story of Cash Flow :$ba business adventure and a guide to managing money and moneylenders : or, Why Cash is king /$cby Steve Mullins.
=264  \1$a[Slough?] :$bAscot Associates,$c2013.
=300  \\$a1 online resource (29 unnumbered pages)
=336  \\$atext$2rdacontent
=337  \\$acomputer$2rdamedia
=338  \\$aonline resource$2rdacarrier
=588  \\$aDescription based on online resource; title from PDF cover page (viewed on August 13, 2013).
=859  \\$aELD$bebook
=852  41$aBritish Library$bHMNTS$jELD Digital store
=CAT  \\$a12664$b40$c20130807$lBLL01$h1622
=CAT  \\$a8141$b40$c20130813$lBLL01$h1448
=CAT  \\$a7332$b40$c20130815$lBLL01$h1521
=CAT  \\$aWR14.047$c20140417$lBLL01$h1646
=CAT  \\$aW1611-0868$c20161114$lBLL01$h1415
=CAT  \\$aW1711-1225$c20171203$lBLL01$h1053
=FIN  \\$aY$d20130813
=STA  \\$aSUPPRESSED$bunable to determine reason for suppression
=LAS  \\$aW1711-1225$b00$c20171203$lBLL01$h1053

