=LDR  02340 am a2200529 i 4500
=001  016471646
=003  Uk
=005  20130820084024.0
=006  m\\\\||\\d\|\\\\\\
=007  cr\|||||||||||
=008  130813s2013\\\\enka\\\\ob\\\|0|0\0|eng\\
=FMT  \\$a  BK
=015  \\$aGBB373176$2bnb
=040  \\$aUk$beng$cUk$erda
=042  \\$aukblsr
=082  04$a362.19612907$223
=100  1\$aPandor, A.$q(Abdullah),$eauthor.
=245  10$aHome telemonitoring or structured telephone support programmes after recent discharge in patients with heart failure :$bsystematic review and economic evaluation /$cA Pandor [and nine others], School of Health and Related Research (ScHARR), University of Sheffield, Sheffield, UK.
=264  \1$aSouthampton :$bNIHR Journals Library,$cAugust 2013.
=300  \\$a1 online resource (xvii, 207 pages) :$billustrations (black and white).
=336  \\$atext$2rdacontent
=337  \\$acomputer$2rdamedia
=338  \\$aonline resource$2rdacarrier
=490  1\$aHealth technology assessment,$x2046-4924 ;$vvolume 17, issue 32
=500  \\$a"DOI 10.3310/hta17320."
=504  \\$aIncludes bibliographical references.
=530  \\$aAlso issued in print format.
=588  \\$aDescription based on online resource; title from PDF title page (viewed on August 20, 2013).
=650  \0$aPatient monitoring$xEquipment and supplies.
=650  \0$aHeart failure$xPatients$xCare$zGreat Britain.
=650  \0$aHeart failure$xPatients$xServices for$zGreat Britain.
=650  \0$aPatient monitoring$zGreat Britain$xCost effectiveness.
=650  \0$aPatient monitoring$zGreat Britain$xEvaluation.
=650  \0$aTelemedicine.
=710  2\$aNIHR Journals Library,$epublisher.
=710  2\$aNational Institute for Health Research (Great Britain)
=830  \0$aHealth technology assessment (Winchester),$x1366-5278 ;$vvolume 17, issue 32.
=859  \\$aELD$bebook
=852  41$aBritish Library$bHMNTS$jELD Digital store
=CAT  \\$a12664$b40$c20130813$lBLL01$h1319
=CAT  \\$a8141$b40$c20130820$lBLL01$h0840
=CAT  \\$aWR14.047$c20140417$lBLL01$h1646
=CAT  \\$aW1611-0868$c20161114$lBLL01$h1415
=CAT  \\$aW1711-1225$c20171203$lBLL01$h1053
=FIN  \\$aY$d20130820
=STA  \\$aSUPPRESSED$bunable to determine reason for suppression
=LAS  \\$aW1711-1225$b00$c20171203$lBLL01$h1053

