=LDR  01620 am a2200469 i 4500
=001  016471701
=003  Uk
=005  20130821094317.0
=006  m\\\\||\\d\|\\\\\\
=007  cr\|||||||||||
=008  130813s2013\\\\enk\\\\\ob\\\\0|0\0|eng\\
=FMT  \\$a  BK
=015  \\$aGBB375108$2bnb
=040  \\$aUk$beng$cUk$erda
=042  \\$aukblsr
=082  04$a149.97$223
=100  1\$aWakefield, Jason,$eauthor.
=245  14$aThe question of non - being? :$ba pragmatic methodology of casino contingency /$cJason Wakefield.
=264  \1$aCambridge :$bAvello,$c2013.
=300  \\$a1 online resource (263 pages)
=336  \\$atext$2rdacontent
=337  \\$acomputer$2rdamedia
=338  \\$aonline resource$2rdacarrier
=504  \\$aIncludes bibliographical references.
=588  \\$aDescription based on online resource; title from PDF cover page (viewed on August 21, 2013).
=600  10$aDeleuze, Gilles,$d1925-1995.
=650  \0$aPoststructuralism.
=650  \0$aOntology.
=650  \0$aMathematics$xPhilosophy.
=650  \0$aMotion pictures$xPhilosophy.
=650  \0$aLiterature$xPhilosophy.
=700  1\$aLacan, Jacques,$d1901-1981.
=859  \\$aELD$bebook
=852  41$aBritish Library$bHMNTS$jELD Digital store
=CAT  \\$a12664$b40$c20130813$lBLL01$h1408
=CAT  \\$a8141$b40$c20130821$lBLL01$h0943
=CAT  \\$aWR14.047$c20140417$lBLL01$h1646
=CAT  \\$aW1611-0868$c20161114$lBLL01$h1415
=CAT  \\$aW1711-1225$c20171203$lBLL01$h1053
=FIN  \\$aY$d20130821
=STA  \\$aSUPPRESSED$bunable to determine reason for suppression
=LAS  \\$aW1711-1225$b00$c20171203$lBLL01$h1053

