=LDR  01707 am a2200469 i 4500
=001  016479150
=003  Uk
=005  20130829122414.0
=006  m\\\\||\\d\|\\\\\\
=007  cr\|||||||||||
=008  130821s2013\\\\enka\\\\ob\\\\0|0\0|eng\\
=FMT  \\$a  BK
=015  \\$aGBB377836$2bnb
=020  \\$z9781445354620
=040  \\$aUk$beng$cUk$erda
=042  \\$aukblsr
=082  04$a306.44$223
=245  00$aHow to speak? :$bspeech styles awareness for future legal professionals.
=264  \1$aLondon :$bBPP University College,$cAugust 2013.
=300  \\$a1 online resource (11 pages) :$b1 illustration (black and white)
=336  \\$atext$2rdacontent
=337  \\$acomputer$2rdamedia
=338  \\$aonline resource$2rdacarrier
=500  \\$a"A BPP learning and teaching working paper."
=504  \\$aIncludes bibliographical references.
=588  \\$aDescription based on online resource; title from PDF cover page (viewed on August 29, 2013).
=650  \0$aEnglish language$xSpoken English$xStudy and teaching.
=650  \0$aLanguage awareness.
=650  \0$aEnglish language$xPronunciation.
=650  \0$aEnglish language$xVariation.
=650  \0$aAcademic language.
=710  2\$aBPP University College,$epublisher.
=859  \\$aELD$bebook
=852  41$aBritish Library$bHMNTS$jELD Digital store
=CAT  \\$a12664$b40$c20130821$lBLL01$h0950
=CAT  \\$a8141$b40$c20130829$lBLL01$h1224
=CAT  \\$aWR14.047$c20140417$lBLL01$h1646
=CAT  \\$aW1611-0868$c20161114$lBLL01$h1415
=CAT  \\$aW1711-1225$c20171203$lBLL01$h1053
=FIN  \\$aY$d20130829
=STA  \\$aSUPPRESSED$bunable to determine reason for suppression
=LAS  \\$aW1711-1225$b00$c20171203$lBLL01$h1053

