=LDR  01623 am a2200457 i 4500
=001  016479417
=003  Uk
=005  20130906113650.0
=006  m\\\\||\\d\|\\\\\\
=007  cr\|||||||||||
=008  130821s2012\\\\enk\\\\\o\\\\\0|0\0|eng\\
=FMT  \\$a  BK
=015  \\$aGBB378177$2bnb
=040  \\$aUk$beng$cUk$erda
=042  \\$aukblsr
=082  04$a158.1$223
=100  1\$aMathews, M. H.$q(Mark Harry),$eauthor.
=245  14$aThe trauma of voices :$ba book from a street-wise socialised psychologist /$cby M.H Mathews, SocSci(open).
=264  \1$aWelwyn Garden :$bMark Mathews,$c[2012]
=300  \\$a1 online resource (285 unnumbered pages)
=336  \\$atext$2rdacontent
=337  \\$acomputer$2rdamedia
=338  \\$aonline resource$2rdacarrier
=588  \\$aDescription based on online resource; title from PDF cover page (viewed on August 30, 2013).
=650  \0$aSelf-consciousness (Awareness)
=650  \0$aSubconsciousness.
=650  \0$aPsychology, Applied.
=650  \0$aSelf-analysis (Psychoanalysis)
=650  \0$aSelf-actualization (Psychology)
=650  \0$aMental health.
=859  \\$aELD$bebook
=852  41$aBritish Library$bHMNTS$jELD Digital store
=CAT  \\$a12664$b40$c20130821$lBLL01$h1350
=CAT  \\$a8141$b40$c20130830$lBLL01$h0844
=CAT  \\$a7332$b40$c20130906$lBLL01$h1136
=CAT  \\$aWR14.047$c20140417$lBLL01$h1646
=CAT  \\$aW1611-0868$c20161114$lBLL01$h1415
=CAT  \\$aW1711-1225$c20171203$lBLL01$h1053
=FIN  \\$aY$d20130830
=STA  \\$aSUPPRESSED$bunable to determine reason for suppression
=LAS  \\$aW1711-1225$b00$c20171203$lBLL01$h1053

