=LDR  01057 am a22002893i 4500
=001  016487794
=003  Uk
=005  20130902145545.0
=006  m\\\\||\\d\|\\\\\\
=007  cr\|||||||||||
=008  130902s2013\\\\enk\\\\\o\\\\\0|0\0|eng\\
=FMT  \\$a  BK
=245  \0$aEchocardiography in newly diagnosed atrial fibrillation patients :$ba systematic review and economic evaluation.
=264  \1$aSouthampton :$bNational Institute for Health Research,$c2013.
=336  \\$atext$2rdacontent
=337  \\$acomputer$2rdamedia
=338  \\$aonline resource$2rdacarrier
=490  0\$aHealth Technology Assessment ;$vVolume 17, issue 36
=500  \\$aPublished August 2013.
=859  \\$aELD$bebook
=852  41$aBritish Library$bHMNTS$jELD Digital store
=CAT  \\$a10876$b40$c20130902$lBLL01$h1455
=CAT  \\$aWR14.047$c20140417$lBLL01$h1646
=CAT  \\$aW1611-0868$c20161114$lBLL01$h1415
=CAT  \\$aW1711-1225$c20171203$lBLL01$h1054
=STA  \\$aSUPPRESSED$bunable to determine reason for suppression
=LAS  \\$aW1711-1225$b00$c20171203$lBLL01$h1054

