=LDR  00959 am a22002773i 4500
=001  016488347
=003  Uk
=005  20130903150017.0
=006  m\\\\||\\d\|\\\\\\
=007  cr\|||||||||||
=008  130903s2010\\\\enk\\\\\o\\\\\0|0\0|eng\\
=FMT  \\$a  BK
=245  \0$aAdvanced Texas Hold'em :$bA Detailed Guide For No Limit and Limit Hold'em Poker Strategies.
=264  \1$aNunney :$bDubois Publishing UK,$c2010.
=336  \\$atext$2rdacontent
=337  \\$acomputer$2rdamedia
=338  \\$aonline resource$2rdacarrier
=859  \\$aELD$bebook
=852  41$aBritish Library$bHMNTS$jELD Digital store
=CAT  \\$a12664$b40$c20130903$lBLL01$h1456
=CAT  \\$a12664$b40$c20130903$lBLL01$h1500
=CAT  \\$aWR14.047$c20140417$lBLL01$h1646
=CAT  \\$aW1611-0868$c20161114$lBLL01$h1415
=CAT  \\$aW1711-1225$c20171203$lBLL01$h1054
=STA  \\$aSUPPRESSED$bunable to determine reason for suppression
=LAS  \\$aW1711-1225$b00$c20171203$lBLL01$h1054

