=LDR  01078 am a22003013i 4500
=001  016491384
=003  Uk
=005  20130905131216.0
=006  m\\\\||\\d\|\\\\\\
=007  cr\|||||||||||
=008  130905s2013\\\\enk\\\\\o\\\\\0|0\0|eng\\
=FMT  \\$a  BK
=245  \0$aDomestic Violence and Football in Glasgow :$bAre Reference Points Relevant?
=264  \1$aGlasgow :$bUniversity of Strathclyde Business School,$c2013.
=336  \\$atext$2rdacontent
=337  \\$acomputer$2rdamedia
=338  \\$aonline resource$2rdacarrier
=490  0\$aStrathclyde discussion papers in Economics ;$v13-02
=859  \\$aELD$bebook
=852  41$aBritish Library$bHMNTS$jELD Digital store
=CAT  \\$a10983$b40$c20130905$lBLL01$h1212
=CAT  \\$a10983$b40$c20130905$lBLL01$h1213
=CAT  \\$a10983$b40$c20130905$lBLL01$h1312
=CAT  \\$aWR14.047$c20140417$lBLL01$h1646
=CAT  \\$aW1611-0868$c20161114$lBLL01$h1415
=CAT  \\$aW1711-1225$c20171203$lBLL01$h1054
=STA  \\$aSUPPRESSED$bunable to determine reason for suppression
=LAS  \\$aW1711-1225$b00$c20171203$lBLL01$h1054

