=LDR  01012 am a22002893i 4500
=001  016491411
=003  Uk
=005  20130905132314.0
=006  m\\\\||\\d\|\\\\\\
=007  cr\|||||||||||
=008  130905s2013\\\\enk\\\\\o\\\\\0|0\0|eng\\
=FMT  \\$a  BK
=245  \0$aUsing VARs and TVP-VARs with Many Macroeconomic Variables.
=264  \1$aGlasgow :$bUniversity of Strathclyde Business School,$c2013.
=336  \\$atext$2rdacontent
=337  \\$acomputer$2rdamedia
=338  \\$aonline resource$2rdacarrier
=490  \\$aStrathclyde Discussion Papers in Economics ;$v13-03
=859  \\$aELD$bebook
=852  41$aBritish Library$bHMNTS$jELD Digital store
=CAT  \\$a10983$b40$c20130905$lBLL01$h1321
=CAT  \\$a10983$b40$c20130905$lBLL01$h1323
=CAT  \\$aWR14.047$c20140417$lBLL01$h1646
=CAT  \\$aW1611-0868$c20161114$lBLL01$h1415
=CAT  \\$aW1711-1225$c20171203$lBLL01$h1054
=STA  \\$aSUPPRESSED$bunable to determine reason for suppression
=LAS  \\$aW1711-1225$b00$c20171203$lBLL01$h1054

