=LDR  01883 am a2200469 i 4500
=001  016491828
=003  Uk
=005  20130912103007.0
=006  m\\\\||\\d\|\\\\\\
=007  cr\|||||||||||
=008  130906s2013\\\\enka|||\ob\\\\0||\0|eng\\
=FMT  \\$a  BK
=015  \\$aGBB383787$2bnb
=040  \\$aUk$beng$cUk$erda
=042  \\$aukblsr
=082  04$a005.435$223
=100  1\$aDel Cano Novales, Cristina,$eauthor.
=245  10$aOptimisation of Linux System Settings for Access to the JASMIN/CEMS Panasas Storage /$cC Del Cano Novales.
=264  \1$aDidcot :$bScience and Technology Facilities Council,$cSeptember 2013.
=300  \\$a1 online resource (35 pages) :$billustrations (colour).
=336  \\$atext$2rdacontent
=337  \\$acomputer$2rdamedia
=338  \\$aonline resource$2rdacarrier
=490  1\$aTechnical Report,$x1358-6254 ;$vRAL-TR-2013-010
=504  \\$aIncludes bibliographical references.
=588  \\$aDescription based on online resource; title from PDF cover page (viewed on September 12, 2013).
=650  \0$aComputer architecture.
=650  \0$aAutomatic data collection systems.
=650  \0$aComputer storage devices.
=650  \0$aMemory management (Computer science)
=710  2\$aScience and Technology Facilities Council (Great Britain),$epublisher.
=830  \0$aTechnical report (Science and Technology Facilities Council (Great Britain)) ;$vRAL-TR-2013-010.
=859  \\$aELD$bebook
=852  41$aBritish Library$bHMNTS$jELD Digital store
=CAT  \\$a10902$b40$c20130906$lBLL01$h1438
=CAT  \\$a11281$b40$c20130912$lBLL01$h1030
=CAT  \\$aWR14.047$c20140417$lBLL01$h1646
=CAT  \\$aW1611-0868$c20161114$lBLL01$h1415
=CAT  \\$aW1711-1225$c20171203$lBLL01$h1054
=FIN  \\$aY$d20130912
=STA  \\$aSUPPRESSED$bunable to determine reason for suppression
=LAS  \\$aW1711-1225$b00$c20171203$lBLL01$h1054

