=LDR  01072 am a22003253i 4500
=001  016492988
=003  Uk
=005  20130909075423.0
=006  m\\\\||\\d\|\\\\\\
=007  cr\|||||||||||
=008  130909s2013\\\\enk\\\\\o\\\\\0|0\0|eng\\
=FMT  \\$a  BK
=020  \\$z9781909254015 (hbk.)
=020  \\$z9781909254008 (pbk.)
=020  \\$z9781909254022 (pdf.)
=020  \\$z9781909254039 (epub.)
=020  \\$z9781909254046 (mobi.)
=245  \0$aFEEDING THE CITY :$bWORK AND FOOD CULTURE OF THE MUMBAI DABBAWALAS.
=264  \1$aCambridge :$bOpen Book Publishers,$c2013.
=336  \\$atext$2rdacontent
=337  \\$acomputer$2rdamedia
=338  \\$aonline resource$2rdacarrier
=859  \\$aELD$bebook
=852  41$aBritish Library$bHMNTS$jELD Digital store
=CAT  \\$a10983$b40$c20130909$lBLL01$h0754
=CAT  \\$aWR14.047$c20140417$lBLL01$h1646
=CAT  \\$aW1611-0868$c20161114$lBLL01$h1415
=CAT  \\$aW1711-1225$c20171203$lBLL01$h1054
=STA  \\$aSUPPRESSED$bunable to determine reason for suppression
=LAS  \\$aW1711-1225$b00$c20171203$lBLL01$h1054

