=LDR  01485 am a2200421 i 4500
=001  016493132
=003  Uk
=005  20130923092311.0
=006  m\\\\||\\d\|\\\\\\
=007  cr\|||||||||||
=008  130909s2003\\\\xxua|||\ob\\\\0||\0|eng\\
=FMT  \\$a  BK
=015  \\$aGBB386165$2bnb
=040  \\$aUk$beng$cUk$erda
=042  \\$aukblsr
=082  04$a633.79$223
=100  1\$aAndrews, George,$eauthor.
=245  14$aThe Book Of Marijuana :$bAn Anthology on Indian Hemp /$cauthor, George Andrews.
=264  \1$aSecaucus, N.J. :$bDubois Publishing,$c2003.
=300  \\$a1 online resource (179 pages, iii) :$billustrations (black and white)
=336  \\$atext$2rdacontent
=337  \\$acomputer$2rdamedia
=338  \\$aonline resource$2rdacarrier
=504  \\$aIncludes bibliographical references.
=588  \\$aDescription based on online resource; title from PDF cover page (viewed on September 23, 2013).
=650  \0$aMarijuana.
=650  \0$aCannabis.
=859  \\$aELD$bebook
=852  41$aBritish Library$bHMNTS$jELD Digital store
=CAT  \\$a10902$b40$c20130909$lBLL01$h1059
=CAT  \\$a10902$b40$c20130909$lBLL01$h1101
=CAT  \\$a11281$b40$c20130923$lBLL01$h0923
=CAT  \\$aWR14.047$c20140417$lBLL01$h1646
=CAT  \\$aW1611-0868$c20161114$lBLL01$h1415
=CAT  \\$aW1711-1225$c20171203$lBLL01$h1054
=FIN  \\$aY$d20130923
=STA  \\$aSUPPRESSED$bunable to determine reason for suppression
=LAS  \\$aW1711-1225$b00$c20171203$lBLL01$h1054

