=LDR  01492 am a2200421 i 4500
=001  016493148
=003  Uk
=005  20130923105347.0
=006  m\\\\||\\d\|\\\\\\
=007  cr\|||||||||||
=008  130909s2008\\\\xxua|||\o\\\\\0||\0|eng\\
=FMT  \\$a  BK
=015  \\$aGBB386174$2bnb
=040  \\$aUk$beng$cUk$erda
=042  \\$aukblsr
=082  04$a795.412$223
=100  1\$aRounder, Roy,$eauthor.
=245  10$aNO LIMIT HOLDEM SECRETS :$bWinning Strategies And Step-By-Step Tactics For No Limit Texas Holdem Poker /$cROY ROUNDER.
=264  \1$aSecaucus, N.J. :$bDubois Publishing,$c[2008]
=300  \\$a1 online resource (229 pages) :$billustrations (black and white)
=336  \\$atext$2rdacontent
=337  \\$acomputer$2rdamedia
=338  \\$aonline resource$2rdacarrier
=588  \\$aDescription based on online resource; title from PDF cover page (viewed on September 23, 2013).
=650  \0$aPoker.
=650  \0$aPoker players.
=650  \0$aGambling.
=859  \\$aELD$bebook
=852  41$aBritish Library$bHMNTS$jELD Digital store
=CAT  \\$a10902$b40$c20130909$lBLL01$h1112
=CAT  \\$a10902$b40$c20130909$lBLL01$h1114
=CAT  \\$a11281$b40$c20130923$lBLL01$h1053
=CAT  \\$aWR14.047$c20140417$lBLL01$h1646
=CAT  \\$aW1611-0868$c20161114$lBLL01$h1415
=CAT  \\$aW1711-1225$c20171203$lBLL01$h1054
=FIN  \\$aY$d20130923
=STA  \\$aSUPPRESSED$bunable to determine reason for suppression
=LAS  \\$aW1711-1225$b00$c20171203$lBLL01$h1054

