=LDR  01698 am a2200445 i 4500
=001  016493169
=003  Uk
=005  20130923140231.0
=006  m\\\\||\\d\|\\\\\\
=007  cr\|||||||||||
=008  130909s2012\\\\xxu||||\ob\\\\0||\0|eng\\
=FMT  \\$a  BK
=015  \\$aGBB386212$2bnb
=040  \\$aUk$beng$cUk$erda
=042  \\$aukblsr
=082  04$a325.3206041$223
=100  1\$aQuigley, Carroll,$eauthor.
=245  14$aThe Anglo-American Establishment /$cAnnotated and Revised with new commentaries by Peter Myers.
=264  \1$aSecaucus, N.J. :$bDubois Publishing,$c[2012]
=300  \\$a1 online resource (286 unnumbered pages)
=336  \\$atext$2rdacontent
=337  \\$acomputer$2rdamedia
=338  \\$aonline resource$2rdacarrier
=500  \\$aOriginally Printed and Published By: Carroll Quigley, Professor of Foreign Service, Georgetown University, 1981.
=504  \\$aIncludes bibliographical references.
=588  \\$aDescription based on online resource; title from PDF cover page (viewed on September 23, 2013).
=651  \0$aGreat Britain$xForeign relations$y20th century.
=700  1\$aMyers, Peter.
=859  \\$aELD$bebook
=852  41$aBritish Library$bHMNTS$jELD Digital store
=CAT  \\$a10902$b40$c20130909$lBLL01$h1142
=CAT  \\$a10902$b40$c20130909$lBLL01$h1143
=CAT  \\$a11281$b40$c20130923$lBLL01$h1401
=CAT  \\$a11281$b40$c20130923$lBLL01$h1402
=CAT  \\$aWR14.047$c20140417$lBLL01$h1646
=CAT  \\$aW1611-0868$c20161114$lBLL01$h1415
=CAT  \\$aW1711-1225$c20171203$lBLL01$h1054
=FIN  \\$aY$d20130923
=STA  \\$aSUPPRESSED$bunable to determine reason for suppression
=LAS  \\$aW1711-1225$b00$c20171203$lBLL01$h1054

