=LDR  00891 am a22002773i 4500
=001  016493181
=003  Uk
=005  20130909115553.0
=006  m\\\\||\\d\|\\\\\\
=007  cr\|||||||||||
=008  130909s2013\\\\enk\\\\\o\\\\\0|0\0|eng\\
=FMT  \\$a  BK
=020  \\$z9781873130940 (pdf.)
=245  \0$aD.I.Y :$b(A Comedy in Two Acts)
=264  \1$aNottingham :$bPlayrights Publishing Co.$c2013.
=336  \\$atext$2rdacontent
=337  \\$acomputer$2rdamedia
=338  \\$aonline resource$2rdacarrier
=859  \\$aELD$bebook
=852  41$aBritish Library$bHMNTS$jELD Digital store
=CAT  \\$a10983$b40$c20130909$lBLL01$h1155
=CAT  \\$aWR14.047$c20140417$lBLL01$h1646
=CAT  \\$aW1611-0868$c20161114$lBLL01$h1415
=CAT  \\$aW1711-1225$c20171203$lBLL01$h1054
=STA  \\$aSUPPRESSED$bunable to determine reason for suppression
=LAS  \\$aW1711-1225$b00$c20171203$lBLL01$h1054

