=LDR  00936 am a22002893i 4500
=001  016496105
=003  Uk
=005  20130911095519.0
=006  m\\\\||\\d\|\\\\\\
=007  cr\|||||||||||
=008  130911s\\\\2013enk\\\\\o\\\\\0|0\0|eng\\
=FMT  \\$a  BK
=245  \0$aPatulin in Apple Juice (Clear) :$bJuly-August 2013.
=264  \1$aSand hutton :$bFAPAS$22013
=336  \\$atext$2rdacontent
=337  \\$acomputer$2rdamedia
=338  \\$aonline resource$2rdacarrier
=490  0\$aFAPAS Report$v1650
=859  \\$aELD$bebook
=852  41$aBritish Library$bHMNTS$jELD Digital store
=CAT  \\$a8311$b40$c20130911$lBLL01$h0952
=CAT  \\$a8311$b40$c20130911$lBLL01$h0955
=CAT  \\$aWR14.047$c20140417$lBLL01$h1646
=CAT  \\$aW1611-0868$c20161114$lBLL01$h1415
=CAT  \\$aW1711-1225$c20171203$lBLL01$h1054
=STA  \\$aSUPPRESSED$bunable to determine reason for suppression
=LAS  \\$aW1711-1225$b00$c20171203$lBLL01$h1054

