=LDR  00965 am a22002773i 4500
=001  016497019
=003  Uk
=005  20130913085047.0
=006  m\\\\||\\d\|\\\\\\
=007  cr\|||||||||||
=008  130913s2013\\\\enk\\\\\o\\\\\0|0\0|eng\\
=FMT  \\$a  BK
=245  \0$aoverview of political economy, contracting and corruption in afghanistan :$bA case study in Kandahar.
=264  \1$aLondon :$bTransparency International Uk,$c2013.
=336  \\$atext$2rdacontent
=337  \\$acomputer$2rdamedia
=338  \\$aonline resource$2rdacarrier
=490  0\$aExternal Research Series
=859  \\$aELD$bebook
=852  41$aBritish Library$bHMNTS$jELD Digital store
=CAT  \\$a8311$b40$c20130913$lBLL01$h0850
=CAT  \\$aWR14.047$c20140417$lBLL01$h1646
=CAT  \\$aW1611-0868$c20161114$lBLL01$h1415
=CAT  \\$aW1711-1225$c20171203$lBLL01$h1054
=STA  \\$aSUPPRESSED$bunable to determine reason for suppression
=LAS  \\$aW1711-1225$b00$c20171203$lBLL01$h1054

