=LDR  01431 am a2200397 i 4500
=001  016497897
=003  Uk
=005  20131009090848.0
=006  m\\\\||\\d\|\\\\\\
=007  cr\|||||||||||
=008  130916s2002\\\\xxua|||\o\\\\\0||\0|eng\\
=FMT  \\$a  BK
=015  \\$aGBB388578$2bnb
=040  \\$aUk$beng$cUk$erda
=042  \\$aukblsr
=082  04$a796.75$223
=245  00$aFull Control :$ba guide to precise and efficient machine control /$cedited by John Mcafee.
=264  \1$a[Secaucus, N.J.] :$bDubois Books,$c[2002]
=300  \\$a1 online resource (57 pages) :$billustrations (colour)
=336  \\$atext$2rdacontent
=337  \\$acomputer$2rdamedia
=338  \\$aonline resource$2rdacarrier
=588  \\$aDescription based on online resource; title from PDF cover page (viewed on September 26, 2013).
=650  \0$aMotorcycling.
=700  1\$aMcafee, John$c(Editor of motorcycling guide),$eeditor.
=859  \\$aELD$bebook
=852  41$aBritish Library$bHMNTS$jELD Digital store
=CAT  \\$a10902$b40$c20130916$lBLL01$h0925
=CAT  \\$a11281$b40$c20130926$lBLL01$h0811
=CAT  \\$a7332$b40$c20131009$lBLL01$h0908
=CAT  \\$aWR14.047$c20140417$lBLL01$h1646
=CAT  \\$aW1611-0868$c20161114$lBLL01$h1415
=CAT  \\$aW1711-1225$c20171203$lBLL01$h1054
=FIN  \\$aY$d20130926
=STA  \\$aSUPPRESSED$bunable to determine reason for suppression
=LAS  \\$aW1711-1225$b00$c20171203$lBLL01$h1054

