=LDR  01330 am a2200397 i 4500
=001  016497904
=003  Uk
=005  20130926090009.0
=006  m\\\\||\\d\|\\\\\\
=007  cr\|||||||||||
=008  130916s2003\\\\xxu||||\ob\\\\0||\0|eng\\
=FMT  \\$a  BK
=015  \\$aGBB388585$2bnb
=040  \\$aUk$beng$cUk$erda
=042  \\$aukblsr
=082  04$a301$223
=245  02$aA World Without Money.
=264  \1$aSecaucus, New Jersey :$bDubois Publishing,$c[2003]
=300  \\$a1 online resource (51 pages)
=336  \\$atext$2rdacontent
=337  \\$acomputer$2rdamedia
=338  \\$aonline resource$2rdacarrier
=504  \\$aIncludes bibliographical references.
=588  \\$aDescription based on online resource; title from PDF cover page (viewed on September 26, 2013).
=650  \0$aSocial structure.
=859  \\$aELD$bebook
=852  41$aBritish Library$bHMNTS$jELD Digital store
=CAT  \\$a10902$b40$c20130916$lBLL01$h0934
=CAT  \\$a11281$b40$c20130926$lBLL01$h0859
=CAT  \\$a11281$b40$c20130926$lBLL01$h0900
=CAT  \\$aWR14.047$c20140417$lBLL01$h1646
=CAT  \\$aW1611-0868$c20161114$lBLL01$h1415
=CAT  \\$aW1711-1225$c20171203$lBLL01$h1054
=FIN  \\$aY$d20130926
=STA  \\$aSUPPRESSED$bunable to determine reason for suppression
=LAS  \\$aW1711-1225$b00$c20171203$lBLL01$h1054

